@misc{vmwareesx,
  title = {{VMware ESX}},
  howpublished = {\url{http://web.archive.org/web/20080207010024/http://www.808multimedia.com/winnt/kernel.htm}},
  note = {Accessed: 2020-01-14}
}
@misc{docker,
  title = {Docker},
  howpublished = {\url{http://web.archive.org/web/20080207010024/http://www.808multimedia.com/winnt/kernel.htm}},
  note = {Accessed: 2020-01-14}
}
@misc{lxc,
  title = {LXC},
  howpublished = {\url{http://web.archive.org/web/20080207010024/http://www.808multimedia.com/winnt/kernel.htm}},
  note = {Accessed: 2020-01-14}
}
@misc{php,
  title = {PHP},
  howpublished = {\url{http://web.archive.org/web/20080207010024/http://www.808multimedia.com/winnt/kernel.htm}},
  note = {Accessed: 2020-01-14}
}
@misc{java,
  title = {Java},
  howpublished = {\url{http://web.archive.org/web/20080207010024/http://www.808multimedia.com/winnt/kernel.htm}},
  note = {Accessed: 2020-01-14}
}
@misc{springboot,
  title = {{Spring Boot framework}},
  howpublished = {\url{http://web.archive.org/web/20080207010024/http://www.808multimedia.com/winnt/kernel.htm}},
  note = {Accessed: 2020-01-14}
}
@misc{postgresql,
  title = {PostgreSQL},
  howpublished = {\url{http://web.archive.org/web/20080207010024/http://www.808multimedia.com/winnt/kernel.htm}},
  note = {Accessed: 2020-01-14}
}
@misc{debian10,
  title = {{Debian 10}},
  howpublished = {\url{http://web.archive.org/web/20080207010024/http://www.808multimedia.com/winnt/kernel.htm}},
  note = {Accessed: 2020-01-14}
}
@misc{apachetomcat,
  title = {{Apache Tomcat}},
  howpublished = {\url{http://web.archive.org/web/20080207010024/http://www.808multimedia.com/winnt/kernel.htm}},
  note = {Accessed: 2020-01-14}
}
@misc{python,
  title = {Python},
  howpublished = {\url{http://web.archive.org/web/20080207010024/http://www.808multimedia.com/winnt/kernel.htm}},
  note = {Accessed: 2020-01-14}
}
@misc{django,
  title = {Django},
  howpublished = {\url{http://web.archive.org/web/20080207010024/http://www.808multimedia.com/winnt/kernel.htm}},
  note = {Accessed: 2020-01-14}
}
@misc{wordpress,
  title = {CMS WordPress},
  howpublished = {\url{http://web.archive.org/web/20080207010024/http://www.808multimedia.com/winnt/kernel.htm}},
  note = {Accessed: 2020-01-14}
}
@misc{mysql,
  title = {MySQL},
  howpublished = {\url{http://web.archive.org/web/20080207010024/http://www.808multimedia.com/winnt/kernel.htm}},
  note = {Accessed: 2020-01-14}
}
@misc{vmwareworkstation,
  title = {{VMware Workstation}},
  howpublished = {\url{http://web.archive.org/web/20080207010024/http://www.808multimedia.com/winnt/kernel.htm}},
  note = {Accessed: 2020-01-14}
}
@misc{virtualbox,
  title = {{Oracle VirtualBox}},
  howpublished = {\url{http://web.archive.org/web/20080207010024/http://www.808multimedia.com/winnt/kernel.htm}},
  note = {Accessed: 2020-01-14}
}
@misc{coreos,
  title = {CoreOS},
  howpublished = {\url{http://web.archive.org/web/20080207010024/http://www.808multimedia.com/winnt/kernel.htm}},
  note = {Accessed: 2020-01-14}
}
@misc{solaris,
  title = {{Oracle Solaris Containers}},
  howpublished = {\url{http://web.archive.org/web/20080207010024/http://www.808multimedia.com/winnt/kernel.htm}},
  note = {Accessed: 2020-01-14}
}
@misc{dotnet,
  title = {{.Net}},
  howpublished = {\url{http://web.archive.org/web/20080207010024/http://www.808multimedia.com/winnt/kernel.htm}},
  note = {Accessed: 2020-01-14}
}
@misc{windows,
  title = {{Microsoft Windows}},
  howpublished = {\url{http://web.archive.org/web/20080207010024/http://www.808multimedia.com/winnt/kernel.htm}},
  note = {Accessed: 2020-01-14}
}
@misc{wine,
  title = {Wine},
  howpublished = {\url{http://web.archive.org/web/20080207010024/http://www.808multimedia.com/winnt/kernel.htm}},
  note = {Accessed: 2020-01-14}
}
@misc{hyperv,
  title = {Microsoft Hyper-V},
  howpublished = {\url{http://web.archive.org/web/20080207010024/http://www.808multimedia.com/winnt/kernel.htm}},
  note = {Accessed: 2020-01-14}
}
@misc{coreos,
  title = {CoreOS},
  howpublished = {\url{http://web.archive.org/web/20080207010024/http://www.808multimedia.com/winnt/kernel.htm}},
  note = {Accessed: 2020-01-14}
}
@misc{vmwareplayer,
  title = {{VMware Player}},
  howpublished = {\url{http://web.archive.org/web/20080207010024/http://www.808multimedia.com/winnt/kernel.htm}},
  note = {Accessed: 2020-01-14}
}
@misc{qemu,
  title = {{QEMU}},
  howpublished = {\url{http://web.archive.org/web/20080207010024/http://www.808multimedia.com/winnt/kernel.htm}},
  note = {Accessed: 2020-01-14}
}
@misc{vmwareworkstation,
  title = {{VMware Workstation}},
  howpublished = {\url{http://web.archive.org/web/20080207010024/http://www.808multimedia.com/winnt/kernel.htm}},
  note = {Accessed: 2020-01-14}
}
@misc{dockercompose,
  title = {{Docker-compose}},
  howpublished = {\url{http://web.archive.org/web/20080207010024/http://www.808multimedia.com/winnt/kernel.htm}},
  note = {Accessed: 2020-01-14}
}
@misc{apache,
  title = {{Httpd Apache}},
  howpublished = {\url{http://web.archive.org/web/20080207010024/http://www.808multimedia.com/winnt/kernel.htm}},
  note = {Accessed: 2020-01-14}
}
@Article{ sd17,
title = {{Container isolation gone wrong}},
author = {{Gianluca Borello}},
organization = {{Sysdig, Inc.}},
year = {2017},
url = {https://sysdig.com/blog/container-isolation-gone-wrong/},
note = {Accessed: 2020-01-14}
}
